
@article{11ieee,
  title = {{{IEEE Std}} 802.15.4\texttrademark -2015, {{IEEE Standard}} for {{Low}}-{{Rate Wireless Networks}}},
  year = {2011},
  pages = {708},
  timestamp = {2020-07-15T15:18:56Z}
}

@misc{12cc2538,
  title = {{{CC2538 Powerful Wireless Microcontroller System}}-{{On}}-{{Chip}} for 2.4-{{GHz IEEE}} 802.15.4, {{6LoWPAN}}, and {{ZigBee}}\textregistered{} {{Applications}}},
  year = {2012},
  publisher = {{Texas Instruments}},
  timestamp = {2020-07-15T15:48:40Z}
}

@techreport{12ieee,
  title = {{{IEEE Standard}} for {{Local}} and Metropolitan Area Networks--{{Part}} 15.4: {{Low}}-{{Rate Wireless Personal Area Networks}} ({{LR}}-{{WPANs}})},
  shorttitle = {{{IEEE Standard}} for {{Local}} and Metropolitan Area Networks--{{Part}} 15.4},
  year = {2012},
  institution = {{IEEE}},
  doi = {10.1109/IEEESTD.2011.6012487},
  isbn = {9780738166834},
  timestamp = {2020-07-15T15:18:26Z}
}

@techreport{12ieeea,
  title = {{{IEEE Standard}} for {{Local}} and Metropolitan Area Networks--{{Part}} 15.4: {{Low}}-{{Rate Wireless Personal Area Networks}} ({{LR}}-{{WPANs}}) {{Amendment}} 1: {{MAC}} Sublayer},
  shorttitle = {{{IEEE Standard}} for {{Local}} and Metropolitan Area Networks--{{Part}} 15.4},
  year = {2012},
  institution = {{IEEE}},
  doi = {10.1109/IEEESTD.2012.6185525},
  isbn = {9780738172040},
  timestamp = {2020-07-21T18:39:45Z}
}

@misc{15cc2650,
  title = {{{CC2650 SimpleLink}}\texttrademark{} {{Multistandard Wireless MCU}}},
  year = {2015},
  publisher = {{Texas Instruments}},
  timestamp = {2020-07-15T15:48:37Z}
}

@misc{19nrf52840,
  title = {{{nRF52840 Product Specification}}},
  year = {2019},
  publisher = {{Nordic Semiconductor}},
  timestamp = {2020-07-15T15:48:34Z}
}

@article{adelantado17understandinga,
  title = {Understanding the Limits of {{LoRaWAN}}},
  author = {Adelantado, Ferran and Vilajosana, Xavier and {Tuset-Peiro}, Pere and Martinez, Borja and Melia, Joan and Watteyne, Thomas},
  year = {2017},
  volume = {55},
  pages = {34--40},
  issn = {0163-6804},
  doi = {10.1109/MCOM.2017.1600613},
  archivePrefix = {arXiv},
  eprint = {1607.08011},
  eprinttype = {arxiv},
  journal = {IEEE Communications Magazine},
  number = {9},
  timestamp = {2020-07-15T13:20:45Z}
}

@inproceedings{adjih15fit,
  title = {{{FIT IoT}}-{{LAB}}: {{A}} Large Scale Open Experimental {{IoT}} Testbed},
  shorttitle = {{{FIT IoT}}-{{LAB}}},
  booktitle = {2015 {{IEEE}} 2nd {{World Forum}} on {{Internet}} of {{Things}} ({{WF}}-{{IoT}})},
  author = {Adjih, Cedric and Baccelli, Emmanuel and Fleury, Eric and Harter, Gaetan and Mitton, Nathalie and Noel, Thomas and {Pissard-Gibollet}, Roger and {Saint-Marcel}, Frederic and Schreiner, Guillaume and Vandaele, Julien and Watteyne, Thomas},
  year = {2015},
  month = dec,
  pages = {459--464},
  publisher = {{IEEE}},
  address = {{Milan, Italy}},
  doi = {10.1109/WF-IoT.2015.7389098},
  isbn = {978-1-5090-0366-2},
  timestamp = {2020-07-16T13:57:05Z}
}

@inproceedings{benyaala16performance,
  title = {Performance Study of Co-Located {{IEEE}} 802.15.4-{{TSCH}} Networks: {{Interference}} and Coexistence},
  shorttitle = {Performance Study of Co-Located {{IEEE}} 802.15.4-{{TSCH}} Networks},
  booktitle = {2016 {{IEEE Symposium}} on {{Computers}} and {{Communication}} ({{ISCC}})},
  author = {Ben Yaala, Sahar and Theoleyre, Fabrice and Bouallegue, Ridha},
  year = {2016},
  month = jun,
  pages = {513--518},
  publisher = {{IEEE}},
  address = {{Messina, Italy}},
  doi = {10.1109/ISCC.2016.7543790},
  isbn = {978-1-5090-0679-3},
  timestamp = {2020-07-15T13:08:54Z}
}

@inproceedings{brachmann19ieee,
  title = {{{IEEE}} 802.15.4 {{TSCH}} in {{Sub}}-{{GHz}}: {{Design Considerations}} and {{Multi}}-Band {{Support}}},
  shorttitle = {{{IEEE}} 802.15.4 {{TSCH}} in {{Sub}}-{{GHz}}},
  booktitle = {2019 {{IEEE}} 44th {{Conference}} on {{Local Computer Networks}} ({{LCN}})},
  author = {Brachmann, Martina and Duquennoy, Simon and Tsiftes, Nicolas and Voigt, Thiemo},
  year = {2019},
  month = oct,
  pages = {42--50},
  publisher = {{IEEE}},
  address = {{Osnabrueck, Germany}},
  doi = {10.1109/LCN44214.2019.8990806},
  isbn = {978-1-72811-028-8},
  timestamp = {2020-07-15T13:08:34Z}
}

@article{civerchia17industrial,
  title = {Industrial {{Internet}} of {{Things}} Monitoring Solution for Advanced Predictive Maintenance Applications},
  author = {Civerchia, Federico and Bocchino, Stefano and Salvadori, Claudio and Rossi, Enrico and Maggiani, Luca and Petracca, Matteo},
  year = {2017},
  month = sep,
  volume = {7},
  pages = {4--12},
  issn = {2452414X},
  doi = {10.1016/j.jii.2017.02.003},
  journal = {Journal of Industrial Information Integration},
  timestamp = {2020-07-15T15:12:40Z}
}

@article{fadel15survey,
  title = {A Survey on Wireless Sensor Networks for Smart Grid},
  author = {Fadel, Etimad and Gungor, V.C. and Nassef, Laila and Akkari, Nadine and Malik, M.G. Abbas and Almasri, Suleiman and Akyildiz, Ian F.},
  year = {2015},
  month = nov,
  volume = {71},
  pages = {22--33},
  issn = {01403664},
  doi = {10.1016/j.comcom.2015.09.006},
  journal = {Computer Communications},
  timestamp = {2020-07-15T15:15:48Z}
}

@misc{j.munoz18problem,
  title = {Problem Statement for Generalizing 6tisch to Multiple Phys},
  author = {{J. Munoz} and X. Vilajosana and {T. Chang}},
  year = {2018},
  publisher = {{IETF}},
  timestamp = {2020-07-15T15:39:17Z}
}

@article{kazmi14review,
  title = {A {{Review}} of {{Wireless}}-{{Sensor}}-{{Network}}-{{Enabled Building Energy Management Systems}}},
  author = {Kazmi, Aqeel H. and O'grady, Michael J. and Delaney, Declan T. and Ruzzelli, Antonio G. and O'hare, Gregory M. P.},
  year = {2014},
  month = jun,
  volume = {10},
  pages = {1--43},
  issn = {15504859},
  doi = {10.1145/2532644},
  journal = {ACM Transactions on Sensor Networks},
  number = {4},
  timestamp = {2020-07-15T13:20:38Z}
}

@article{kim15hybrid,
  title = {Hybrid Wireless Sensor Network for Building Energy Management Systems Based on the 2.{{4GHz}} and {{400MHz}} Bands},
  author = {Kim, Ayeon and Han, Jaejun and Yu, Taeyoon and Kim, Dong Sik},
  year = {2015},
  month = mar,
  volume = {48},
  pages = {320--326},
  issn = {03064379},
  doi = {10.1016/j.is.2014.06.005},
  journal = {Information Systems},
  timestamp = {2020-07-28T06:22:31Z}
}

@article{kojima15system,
  title = {System Evaluation of a Practical {{IEEE}} 802.15.4/4e/4g Multi-Physical and Multi-Hop Smart Utility Network},
  author = {Kojima, Fumihide and Sum, Chin-Sean and Zhou, Ming-Tuo and Lu, Liru and Harada, Hiroshi},
  year = {2015},
  month = mar,
  volume = {9},
  pages = {665--673},
  issn = {1751-8628, 1751-8636},
  doi = {10.1049/iet-com.2014.0240},
  journal = {IET Communications},
  number = {5},
  timestamp = {2020-07-15T13:35:21Z}
}

@article{lemic19locationbased,
  title = {Location-{{Based Discovery}} and {{Vertical Handover}} in {{Heterogeneous Low}}-{{Power Wide}}-{{Area Networks}}},
  author = {Lemic, Filip and Behboodi, Arash and Famaey, Jeroen and Mathar, Rudolf},
  year = {2019},
  month = dec,
  volume = {6},
  pages = {10150--10165},
  issn = {2327-4662, 2372-2541},
  doi = {10.1109/JIOT.2019.2935804},
  journal = {IEEE Internet of Things Journal},
  number = {6},
  timestamp = {2020-07-15T13:08:39Z}
}

@article{munoz18evaluationa,
  title = {Evaluation of {{IEEE802}}.15.4g for {{Environmental Observations}}},
  author = {Mu{\~n}oz, Jonathan and Chang, Tengfei and Vilajosana, Xavier and Watteyne, Thomas},
  year = {2018},
  month = oct,
  volume = {18},
  pages = {3468},
  issn = {1424-8220},
  doi = {10.3390/s18103468},
  journal = {Sensors},
  number = {10},
  timestamp = {2020-07-15T13:37:14Z}
}

@inproceedings{munoz18overview,
  title = {Overview of {{IEEE802}}.15.4g {{OFDM}} and Its Applicability to Smart Building Applications},
  booktitle = {2018 {{Wireless Days}} ({{WD}})},
  author = {Munoz, Jonathan and Riou, Emmanuel and Vilajosana, Xavier and Muhlethaler, Paul and Watteyne, Thomas},
  year = {2018},
  month = apr,
  pages = {123--130},
  publisher = {{IEEE}},
  address = {{Dubai}},
  doi = {10.1109/WD.2018.8361707},
  isbn = {978-1-5386-5633-4},
  timestamp = {2020-07-15T13:22:10Z}
}

@inproceedings{munoz19opentestbed,
  title = {{{OpenTestBed}}: {{Poor Man}}'s {{IoT Testbed}}},
  shorttitle = {{{OpenTestBed}}},
  booktitle = {{{IEEE INFOCOM}} 2019 - {{IEEE Conference}} on {{Computer Communications Workshops}} ({{INFOCOM WKSHPS}})},
  author = {Munoz, Jonathan and Rincon, Fabian and Chang, Tengfei and Vilajosana, Xavier and Vermeulen, Brecht and Walcarius, Thijs and {van de Meerssche}, Wim and Watteyne, Thomas},
  year = {2019},
  month = apr,
  pages = {467--471},
  publisher = {{IEEE}},
  address = {{Paris, France}},
  doi = {10.1109/INFCOMW.2019.8845269},
  isbn = {978-1-72811-878-9},
  timestamp = {2020-07-14T14:33:02Z}
}

@techreport{p.thuberted.00registration,
  title = {Registration {{Extensions}} for {{IPv6}} over  {{Low}}-{{Power Wireless Personal Area Network}} ({{6LoWPAN}}) {{Neighbor Discovery}}},
  author = {{P. Thubert, Ed.} and {E. Nordmark} and {S. Chakrabarti} and {C. Perkins}},
  institution = {{IETF}},
  number = {RFC 8505},
  timestamp = {2020-07-22T23:05:14Z},
  type = {Standards {{Track}}}
}

@article{saltzer84endtoend,
  title = {End-to-End Arguments in System Design},
  author = {Saltzer, J. H. and Reed, D. P. and Clark, D. D.},
  year = {1984},
  month = nov,
  volume = {2},
  pages = {277--288},
  issn = {0734-2071, 1557-7333},
  doi = {10.1145/357401.357402},
  journal = {ACM Transactions on Computer Systems (TOCS)},
  number = {4},
  timestamp = {2020-07-17T09:53:33Z}
}

@article{sotokmscale,
  title = {Km-Scale {{Industrial Networking}}},
  author = {Soto, Jonathan Munoz},
  pages = {142},
  timestamp = {2020-07-15T15:48:49Z}
}

@article{sum17experimental,
  title = {Experimental {{Performance Evaluation}} of {{Multihop IEEE}} 802.15.4/4g/4e {{Smart Utility Networks}} in {{Outdoor Environment}}},
  author = {Sum, Chin-Sean and Zhou, Ming-Tuo and Kojima, Fumihide and Harada, Hiroshi},
  year = {2017},
  volume = {2017},
  pages = {1--13},
  issn = {1530-8669, 1530-8677},
  doi = {10.1155/2017/7137406},
  journal = {Wireless Communications and Mobile Computing},
  timestamp = {2020-07-15T13:33:53Z}
}

@article{sum17experimentala,
  title = {Experimental {{Performance Evaluation}} of {{Multihop IEEE}} 802.15.4/4g/4e {{Smart Utility Networks}} in {{Outdoor Environment}}},
  author = {Sum, Chin-Sean and Zhou, Ming-Tuo and Kojima, Fumihide and Harada, Hiroshi},
  year = {2017},
  volume = {2017},
  pages = {1--13},
  issn = {1530-8669, 1530-8677},
  doi = {10.1155/2017/7137406},
  journal = {Wireless Communications and Mobile Computing},
  timestamp = {2020-07-15T15:48:54Z}
}

@misc{t.chang206tisch,
  title = {{{6TiSCH Minimal Scheduling Function}} ({{MSF}})},
  author = {{T. Chang} and {M. Vucinic} and {X. Vilajosana} and {S. Duquennoy} and {D. Dujovne}},
  year = {2020},
  publisher = {{IETF}},
  timestamp = {2020-07-15T15:48:44Z}
}

@techreport{t.watteyne15using,
  title = {Using {{IEEE}} 802.15.4e {{Time}}-{{Slotted Channel Hopping}} ({{TSCH}}) in the {{Internet}} of {{Things}} ({{IoT}}): {{Problem Statement}}},
  author = {{T. Watteyne} and {M. Palattella} and {L. Grieco}},
  year = {2015},
  institution = {{IETF}},
  number = {RFC 7554},
  timestamp = {2020-07-22T17:22:53Z}
}

@techreport{t.wintered.12rpl,
  title = {{{RPL}}: {{IPv6 Routing Protocol}} for {{Low}}-{{Power}} and {{Lossy Networks}}},
  author = {{T. Winter, Ed.} and {P. Thubert, Ed.} and {A. Brandt} and {J. Hui} and {R. Kelsey} and {P. Levis} and {K. Pister} and {R. Struik} and {JP. Vasseur} and {R. Alexander}},
  year = {2012},
  institution = {{IETF}},
  number = {RFC 6550},
  timestamp = {2020-07-24T14:35:16Z}
}

@article{tanakademo,
  title = {Demo: {{Blink}} - {{Room}}-{{Level Localization Using SmartMesh IP}}},
  author = {Tanaka, Yasuyuki and Le, Hai and Kobayashi, Victor and Lopez, Camilo and Watteyne, Thomas and Rady, Mina},
  pages = {3},
  timestamp = {2020-07-15T15:49:00Z}
}

@inproceedings{teleshermeto18reactions,
  title = {On the (over)-{{Reactions}} and the {{Stability}} of a {{6TiSCH Network}} in an {{Indoor Environment}}},
  booktitle = {Proceedings of the 21st {{ACM International Conference}} on {{Modeling}}, {{Analysis}} and {{Simulation}} of {{Wireless}} and {{Mobile Systems}}  - {{MSWIM}} '18},
  author = {Teles Hermeto, Rodrigo and Gallais, Antoine and Theoleyre, Fabrice},
  year = {2018},
  pages = {83--90},
  publisher = {{ACM Press}},
  address = {{Montreal, QC, Canada}},
  doi = {10.1145/3242102.3242104},
  isbn = {978-1-4503-5960-3},
  timestamp = {2020-07-15T13:08:46Z}
}

@inproceedings{theoleyre16experimental,
  title = {Experimental {{Validation}} of a {{Distributed Self}}-{{Configured 6TiSCH}} with {{Traffic Isolation}} in {{Low Power Lossy Networks}}},
  booktitle = {Proceedings of the 19th {{ACM International Conference}} on {{Modeling}}, {{Analysis}} and {{Simulation}} of {{Wireless}} and {{Mobile Systems}} - {{MSWiM}} '16},
  author = {Theoleyre, Fabrice and Papadopoulos, Georgios Z.},
  year = {2016},
  pages = {102--110},
  publisher = {{ACM Press}},
  address = {{Malta, Malta}},
  doi = {10.1145/2988287.2989133},
  isbn = {978-1-4503-4502-6},
  timestamp = {2020-07-15T13:08:22Z}
}

@article{tuset-peiro19experimental,
  title = {Experimental {{Interference Robustness Evaluation}} of {{IEEE}} 802.15.4-2015 {{OQPSK}}-{{DSSS}} and {{SUN}}-{{OFDM Physical Layers}}},
  author = {{Tuset-Peir{\'o}}, Pere and {V{\'a}zquez-Gallego}, Francisco and Mu{\~n}oz, Jonathan and Watteyne, Thomas and {Alonso-Zarate}, Jesus and Vilajosana, Xavier},
  year = {2019},
  month = may,
  archivePrefix = {arXiv},
  eprint = {1905.11102},
  eprinttype = {arxiv},
  journal = {arXiv:1905.11102 [cs]},
  primaryClass = {cs},
  timestamp = {2020-07-15T15:39:06Z}
}

@article{tusetopenmote,
  title = {{{OpenMote}}+: A {{Range}}-{{Agile Multi}}-{{Radio Mote}}},
  author = {Tuset, Pere and Vilajosana, Xavier and Watteyne, Thomas},
  pages = {3},
  timestamp = {2020-07-15T16:01:27Z}
}

@article{vilajosana21ietf,
  title = {{{IETF 6TiSCH}}: {{A Tutorial}}},
  shorttitle = {{{IETF 6TiSCH}}},
  author = {Vilajosana, Xavier and Watteyne, Thomas and Chang, Tengfei and Vucinic, Malisa and Duquennoy, Simon and Thubert, Pascal},
  year = {21},
  volume = {22},
  pages = {595--615},
  issn = {1553-877X, 2373-745X},
  doi = {10.1109/COMST.2019.2939407},
  journal = {IEEE Communications Surveys \& Tutorials},
  number = {1},
  timestamp = {2020-07-20T16:11:45Z}
}

@article{vucinic20key,
  title = {Key {{Performance Indicators}} of the {{Reference 6TiSCH Implementation}} in {{Internet}}-of-{{Things Scenarios}}},
  author = {Vucinic, Malisa and Chang, Tengfei and Skrbic, Bozidar and Kocan, Enis and {Pejanovic-Djurisic}, Milica and Watteyne, Thomas},
  year = {2020},
  volume = {8},
  pages = {79147--79157},
  issn = {2169-3536},
  doi = {10.1109/ACCESS.2020.2990278},
  journal = {IEEE Access},
  timestamp = {2020-07-22T21:45:02Z}
}

@article{watteyne16peacha,
  title = {{{PEACH}}: {{Predicting Frost Events}} in {{Peach Orchards Using IoT Technology}}},
  shorttitle = {{{PEACH}}},
  author = {Watteyne, Thomas and Laura Diedrichs, Ana and {Brun-Laguna}, Keoma and Emilio Chaar, Javier and Dujovne, Diego and Carlos Taffernaberry, Juan and Mercado, Gustavo},
  year = {2016},
  month = dec,
  volume = {2},
  pages = {151711},
  issn = {2414-1399},
  doi = {10.4108/eai.1-12-2016.151711},
  journal = {EAI Endorsed Transactions on Internet of Things},
  number = {5},
  timestamp = {2020-07-15T14:15:36Z}
}

@article{watteynereliability,
  title = {Reliability {{Through Frequency Diversity}}: {{Why Channel Hopping Makes Sense}}},
  author = {Watteyne, Thomas and Mehta, Ankur and Pister, Kris},
  pages = {8},
  timestamp = {2020-07-15T13:09:15Z}
}

@inproceedings{yang18analysis,
  title = {Analysis of Low Latency {{TSCH}} Networks for Physical Event Detection},
  booktitle = {2018 {{IEEE Wireless Communications}} and {{Networking Conference Workshops}} ({{WCNCW}})},
  author = {Yang, Alex and Sundararajan, Arvind and Schindler, Craig B. and Pister, Kristofer S. J.},
  year = {2018},
  month = apr,
  pages = {167--172},
  publisher = {{IEEE}},
  address = {{Barcelona}},
  doi = {10.1109/WCNCW.2018.8369003},
  isbn = {978-1-5386-1154-8},
  timestamp = {2020-07-15T13:07:23Z}
}


